<?xml version="1.0" encoding="UTF-8"?><collection xmlns="http://www.loc.gov/MARC21/slim"><record><leader>00380nam--2200121-i-4500</leader><controlfield tag="001">000032295</controlfield><controlfield tag="002">20161230</controlfield><controlfield tag="005">20161230201039</controlfield><controlfield tag="008">060222s1000------------r-----000-0-eng-d</controlfield><datafield ind1=" " ind2=" " tag="080"><subfield code="a">539.16.07:681.324(047.3)</subfield></datafield><datafield ind1=" " ind2=" " tag="245"><subfield code="a">Microcomputer-controlled multichannel analyzer for spectral measurements of short light pulses</subfield></datafield><datafield ind1=" " ind2=" " tag="260"><subfield code="a">Tokyo, Inst.For Solid State Ph.,1978.20p</subfield></datafield><datafield ind1=" " ind2=" " tag="852"><subfield code="a">19409</subfield></datafield></record></collection>